@misc{lect,
  author = {Ali Karakuş},
  title = {{ME485 Lecture Notes}},
  year = {2024},
  note = {Last accessed 20/01/2024},
  url = {https://odtuclass2024f.metu.edu.tr/course/view.php?id=2835}
}
@misc{cor,
  author = {CFD-Online},
  title = {{Discretisation of the Diffusion Term}},
  year = {2024},
  note = {Last accessed 05/01/2024},
  url = {https://www.cfd-online.com/Wiki/Diffusion_term}
}
@misc{hw1,
  author = {Baygeldi-Kaya-Kakilli},
  title = {{Homework 1 Report}},
  year = {2024},
  note = {Last accessed 20/01/2024},
  url = {https://github.com/uobaygeldi/ME485_HWs/blob/main/HW1%20Report.pdf}
}
@book{inc,
    author = {Incropera},
    title = {{Fundamentals of Heat and Mass Transfer}},
    publisher = {Willey},
    year = {1998}
}
@misc{gi,
    author = {Ali Karakuş},
    title = {{ME485 \mefvm HW4 Code}},
    year = {2024},
    note = {Last accessed 20/01/2024},
    url = {https://github.com/AliKarakus/me485-HWs/tree/HW4}
}
@misc{hw2,
  author = {Baygeldi-Kaya-Kakilli},
  title = {{Homework 2 Report}},
  year = {2024},
  note = {Last accessed 20/01/2024},
  url = {https://github.com/uobaygeldi/ME485_HWs/blob/main/HW2%20Report.pdf}
}
@misc{hw3,
  author = {Baygeldi-Kaya-Kakilli},
  title = {{Homework 2 Report}},
  year = {2025},
  note = {Last accessed 20/01/2024},
  url = {https://github.com/uobaygeldi/ME485_HWs/blob/main/HW3%20Report.pdf}
}
@article{ausmpw+,
    author = "Kyu Hong Kim, and Chongam Kim, and Oh-Hyun Rho",
    title = "Methods for the Accurate Computations of Hypersonic Flows I. AUSMPW+ Scheme",
    journal = "Journal of Computational Physics",
    volume = "174",
    pages = "38–80",
    year = "2001",
    DOI = "https://doi.org/10.1006/jcph.2001.6873"
}
@article{carbuncle,
    title = {The carbuncle phenomenon is incurable},
    journal = {Acta Mathematica Scientia},
    volume = {29},
    number = {6},
    pages = {1647-1656},
    year = {2009},
    issn = {0252-9602},
    doi = {https://doi.org/10.1016/S0252-9602(10)60007-0},
    author = {Volker Elling}
}
@article{ausm+up,
    title = {A sequel to AUSM, Part II: AUSM+-up for all speeds},
    journal = {Journal of Computational Physics},
    volume = {214},
    number = {1},
    pages = {137-170},
    year = {2006},
    issn = {0021-9991},
    doi = {https://doi.org/10.1016/j.jcp.2005.09.020},
    author = {Meng-Sing Liou},
}
@article{hllem,
    title = {On Godunov-type methods near low densities},
    journal = {Journal of Computational Physics},
    volume = {92},
    number = {2},
    pages = {273-295},
    year = {1991},
    issn = {0021-9991},
    doi = {https://doi.org/10.1016/0021-9991(91)90211-3},
    author = {B Einfeldt and C.D Munz and P.L Roe and B Sjögreen}
}
@article{roe,
    author = {Roe, Philip},
    year = {1981},
    month = {10},
    pages = {357-372},
    title = {Approximate Riemann Solvers, Parameter Vector, and Difference Schemes},
    volume = {43},
    journal = {Journal of Computational Physics},
    doi = {10.1016/0021-9991(81)90128-5}
}
@book{rusanov,
  title={Calculation of Interaction of Non-steady Shock Waves with Obstacles},
  author={Rusanov, V.V.},
  series={Technical translation},
  url={https://books.google.com.tr/books?id=9Tq5SgAACAAJ},
  year={1962},
  publisher={National Research Council of Canada}
}
@article{roem,
    title = {Cures for the shock instability: Development of a shock-stable Roe scheme},
    journal = {Journal of Computational Physics},
    volume = {185},
    number = {2},
    pages = {342-374},
    year = {2003},
    issn = {0021-9991},
    doi = {https://doi.org/10.1016/S0021-9991(02)00037-2},
    author = {Sung-soo Kim and Chongam Kim and Oh-Hyun Rho and Seung {Kyu Hong}},
}
@article{rotated-roem,
title = {Robust and accurate Roe-type Riemann solver with compact stencil: Rotated-RoeM scheme},
journal = {Journal of Computational Physics},
volume = {505},
pages = {112913},
year = {2024},
issn = {0021-9991},
doi = {https://doi.org/10.1016/j.jcp.2024.112913},
author = {Seongyu Choi and Donguk Kim and Jaehyong Park and Jin Seok Park},
}
@article{lu,
author = {Yoon, Seokkwan and Jameson, Antony},
title = {Lower-upper Symmetric-Gauss-Seidel method for the Euler and Navier-Stokes equations},
journal = {AIAA Journal},
volume = {26},
number = {9},
pages = {1025-1026},
year = {1988},
doi = {10.2514/3.10007},
}
@article{tvd,
author = {Gottlieb, Sigal and Shu, Chi-Wang},
title = {Total variation diminishing Runge-Kutta schemes},
year = {1998},
issue_date = {Jan. 1998},
publisher = {American Mathematical Society},
address = {USA},
volume = {67},
number = {221},
issn = {0025-5718},
doi = {10.1090/S0025-5718-98-00913-2},
journal = {Math. Comput.},
month = jan,
pages = {73–85},
numpages = {13}
}
@article{mach14,
author = {Ripley, R.C. and Lien, Fue-Sang and Yovanovich, M.},
year = {2002},
month = {07},
pages = {11-12},
title = {Adaptive Mesh Refinement of Supersonic Channel Flows on Unstructured Meshes},
volume = {18},
journal = {International Journal of Computational Fluid Dynamics},
doi = {10.1080/10618560310001634168}
}
@article{cs,
author = {Kuzmin, A.},
year = {2016},
month = {05},
pages = {},
title = {Shock wave bifurcation in channels with a bend},
volume = {86},
journal = {Archive of Applied Mechanics},
doi = {10.1007/s00419-015-1062-z}
}
@unknown{ffs,
author = {Koellermeier, Julian and Samaey, Giovanni},
year = {2020},
month = {05},
pages = {},
title = {Projective Integration Schemes for Hyperbolic Moment Equations},
doi = {10.48550/arXiv.2005.13914}
}
@article{scram,
author = {Seçkin, Serdar and Yuceil, Kemal},
year = {2013},
month = {04},
pages = {01099-},
title = {Flow Visualization of a Scramjet Inlet - Isolator Model in Supersonic Flow},
volume = {45},
journal = {EPJ Web of Conferences},
doi = {10.1051/epjconf/20134501099}
}

