@misc{lect,
  author = {Ali Karakuş},
  title = {{ME485 Lecture Notes}},
  year = {2024},
  note = {Last accessed 05/01/2024},
  url = {https://odtuclass2024f.metu.edu.tr/course/view.php?id=2835}
}
@misc{cor,
  author = {CFD-Online},
  title = {{Discretisation of the Diffusion Term}},
  year = {2024},
  note = {Last accessed 05/01/2024},
  url = {https://www.cfd-online.com/Wiki/Diffusion_term}
}
@misc{hw1,
  author = {Baygeldi-Kaya-Kakilli},
  title = {{Homework 1 Report}},
  year = {2024},
  note = {Last accessed 05/01/2024},
  url = {https://github.com/uobaygeldi/ME485_HWs/blob/main/HW1%20Report.pdf}
}
@book{inc,
    author = {Incropera},
    title = {{Fundamentals of Heat and Mass Transfer}},
    publisher = {Willey},
    year = {1998}
}
@misc{gi,
    author = {Ali Karakuş},
    title = {{ME485 \mefvm HW2 Code}},
    year = {2024},
    note = {Last accessed 05/01/2024},
    url = {https://github.com/AliKarakus/me485-HWs/tree/HW2}
}
@misc{hw2,
  author = {Baygeldi-Kaya-Kakilli},
  title = {{Homework 2 Report}},
  year = {2024},
  note = {Last accessed 05/01/2024},
  url = {https://github.com/uobaygeldi/ME485_HWs/blob/main/HW2%20Report.pdf}
}